%YAML 1.1
%TAG !u! tag:unity3d.com,2011:
--- !u!1 &6657905147388186156
GameObject:
  m_ObjectHideFlags: 0
  m_CorrespondingSourceObject: {fileID: 0}
  m_PrefabInstance: {fileID: 0}
  m_PrefabAsset: {fileID: 0}
  serializedVersion: 6
  m_Component:
  - component: {fileID: 7044498439052218736}
  m_Layer: 0
  m_Name: BoyarskySound
  m_TagString: Untagged
  m_Icon: {fileID: 0}
  m_NavMeshLayer: 0
  m_StaticEditorFlags: 0
  m_IsActive: 1
--- !u!4 &7044498439052218736
Transform:
  m_ObjectHideFlags: 0
  m_CorrespondingSourceObject: {fileID: 0}
  m_PrefabInstance: {fileID: 0}
  m_PrefabAsset: {fileID: 0}
  m_GameObject: {fileID: 6657905147388186156}
  m_LocalRotation: {x: -0, y: -0, z: -0, w: 1}
  m_LocalPosition: {x: 0, y: 0, z: 0}
  m_LocalScale: {x: 0.8695652, y: 0.8695652, z: 1}
  m_Children:
  - {fileID: 4453400902548093910}
  - {fileID: 4841588103908645372}
  - {fileID: 6678126863503748687}
  - {fileID: 9189308230905060937}
  m_Father: {fileID: 0}
  m_RootOrder: 0
  m_LocalEulerAnglesHint: {x: 0, y: 0, z: 0}
--- !u!1001 &3103031089685087399
PrefabInstance:
  m_ObjectHideFlags: 0
  serializedVersion: 2
  m_Modification:
    m_TransformParent: {fileID: 7044498439052218736}
    m_Modifications:
    - target: {fileID: 6402255497674804113, guid: 000a2f3a6f75d3c4fbd7f589671726d4,
        type: 3}
      propertyPath: m_Name
      value: Throwing
      objectReference: {fileID: 0}
    - target: {fileID: 8232235562644008792, guid: 000a2f3a6f75d3c4fbd7f589671726d4,
        type: 3}
      propertyPath: _specialType
      value: -1
      objectReference: {fileID: 0}
    - target: {fileID: 8232235562644008792, guid: 000a2f3a6f75d3c4fbd7f589671726d4,
        type: 3}
      propertyPath: _fighterInputs
      value: 
      objectReference: {fileID: 0}
    - target: {fileID: 8628148487647537896, guid: 000a2f3a6f75d3c4fbd7f589671726d4,
        type: 3}
      propertyPath: m_RootOrder
      value: 2
      objectReference: {fileID: 0}
    - target: {fileID: 8628148487647537896, guid: 000a2f3a6f75d3c4fbd7f589671726d4,
        type: 3}
      propertyPath: m_LocalPosition.x
      value: 0
      objectReference: {fileID: 0}
    - target: {fileID: 8628148487647537896, guid: 000a2f3a6f75d3c4fbd7f589671726d4,
        type: 3}
      propertyPath: m_LocalPosition.y
      value: 0
      objectReference: {fileID: 0}
    - target: {fileID: 8628148487647537896, guid: 000a2f3a6f75d3c4fbd7f589671726d4,
        type: 3}
      propertyPath: m_LocalPosition.z
      value: 0
      objectReference: {fileID: 0}
    - target: {fileID: 8628148487647537896, guid: 000a2f3a6f75d3c4fbd7f589671726d4,
        type: 3}
      propertyPath: m_LocalRotation.w
      value: 1
      objectReference: {fileID: 0}
    - target: {fileID: 8628148487647537896, guid: 000a2f3a6f75d3c4fbd7f589671726d4,
        type: 3}
      propertyPath: m_LocalRotation.x
      value: 0
      objectReference: {fileID: 0}
    - target: {fileID: 8628148487647537896, guid: 000a2f3a6f75d3c4fbd7f589671726d4,
        type: 3}
      propertyPath: m_LocalRotation.y
      value: 0
      objectReference: {fileID: 0}
    - target: {fileID: 8628148487647537896, guid: 000a2f3a6f75d3c4fbd7f589671726d4,
        type: 3}
      propertyPath: m_LocalRotation.z
      value: 0
      objectReference: {fileID: 0}
    - target: {fileID: 8628148487647537896, guid: 000a2f3a6f75d3c4fbd7f589671726d4,
        type: 3}
      propertyPath: m_LocalEulerAnglesHint.x
      value: 0
      objectReference: {fileID: 0}
    - target: {fileID: 8628148487647537896, guid: 000a2f3a6f75d3c4fbd7f589671726d4,
        type: 3}
      propertyPath: m_LocalEulerAnglesHint.y
      value: 0
      objectReference: {fileID: 0}
    - target: {fileID: 8628148487647537896, guid: 000a2f3a6f75d3c4fbd7f589671726d4,
        type: 3}
      propertyPath: m_LocalEulerAnglesHint.z
      value: 0
      objectReference: {fileID: 0}
    m_RemovedComponents: []
  m_SourcePrefab: {fileID: 100100000, guid: 000a2f3a6f75d3c4fbd7f589671726d4, type: 3}
--- !u!4 &6678126863503748687 stripped
Transform:
  m_CorrespondingSourceObject: {fileID: 8628148487647537896, guid: 000a2f3a6f75d3c4fbd7f589671726d4,
    type: 3}
  m_PrefabInstance: {fileID: 3103031089685087399}
  m_PrefabAsset: {fileID: 0}
--- !u!1001 &3786843319010947860
PrefabInstance:
  m_ObjectHideFlags: 0
  serializedVersion: 2
  m_Modification:
    m_TransformParent: {fileID: 7044498439052218736}
    m_Modifications:
    - target: {fileID: -2039682952516100561, guid: 7c32c39b09eb0ef4d98905cc89c937fb,
        type: 3}
      propertyPath: _fighter
      value: 
      objectReference: {fileID: 0}
    - target: {fileID: 6402255497674804113, guid: 7c32c39b09eb0ef4d98905cc89c937fb,
        type: 3}
      propertyPath: m_Name
      value: PunchSound
      objectReference: {fileID: 0}
    - target: {fileID: 8628148487647537896, guid: 7c32c39b09eb0ef4d98905cc89c937fb,
        type: 3}
      propertyPath: m_RootOrder
      value: 1
      objectReference: {fileID: 0}
    - target: {fileID: 8628148487647537896, guid: 7c32c39b09eb0ef4d98905cc89c937fb,
        type: 3}
      propertyPath: m_LocalPosition.x
      value: 0
      objectReference: {fileID: 0}
    - target: {fileID: 8628148487647537896, guid: 7c32c39b09eb0ef4d98905cc89c937fb,
        type: 3}
      propertyPath: m_LocalPosition.y
      value: 0
      objectReference: {fileID: 0}
    - target: {fileID: 8628148487647537896, guid: 7c32c39b09eb0ef4d98905cc89c937fb,
        type: 3}
      propertyPath: m_LocalPosition.z
      value: 0
      objectReference: {fileID: 0}
    - target: {fileID: 8628148487647537896, guid: 7c32c39b09eb0ef4d98905cc89c937fb,
        type: 3}
      propertyPath: m_LocalRotation.w
      value: 1
      objectReference: {fileID: 0}
    - target: {fileID: 8628148487647537896, guid: 7c32c39b09eb0ef4d98905cc89c937fb,
        type: 3}
      propertyPath: m_LocalRotation.x
      value: 0
      objectReference: {fileID: 0}
    - target: {fileID: 8628148487647537896, guid: 7c32c39b09eb0ef4d98905cc89c937fb,
        type: 3}
      propertyPath: m_LocalRotation.y
      value: 0
      objectReference: {fileID: 0}
    - target: {fileID: 8628148487647537896, guid: 7c32c39b09eb0ef4d98905cc89c937fb,
        type: 3}
      propertyPath: m_LocalRotation.z
      value: 0
      objectReference: {fileID: 0}
    - target: {fileID: 8628148487647537896, guid: 7c32c39b09eb0ef4d98905cc89c937fb,
        type: 3}
      propertyPath: m_LocalEulerAnglesHint.x
      value: 0
      objectReference: {fileID: 0}
    - target: {fileID: 8628148487647537896, guid: 7c32c39b09eb0ef4d98905cc89c937fb,
        type: 3}
      propertyPath: m_LocalEulerAnglesHint.y
      value: 0
      objectReference: {fileID: 0}
    - target: {fileID: 8628148487647537896, guid: 7c32c39b09eb0ef4d98905cc89c937fb,
        type: 3}
      propertyPath: m_LocalEulerAnglesHint.z
      value: 0
      objectReference: {fileID: 0}
    m_RemovedComponents: []
  m_SourcePrefab: {fileID: 100100000, guid: 7c32c39b09eb0ef4d98905cc89c937fb, type: 3}
--- !u!4 &4841588103908645372 stripped
Transform:
  m_CorrespondingSourceObject: {fileID: 8628148487647537896, guid: 7c32c39b09eb0ef4d98905cc89c937fb,
    type: 3}
  m_PrefabInstance: {fileID: 3786843319010947860}
  m_PrefabAsset: {fileID: 0}
--- !u!1001 &4327971437224391517
PrefabInstance:
  m_ObjectHideFlags: 0
  serializedVersion: 2
  m_Modification:
    m_TransformParent: {fileID: 7044498439052218736}
    m_Modifications:
    - target: {fileID: 2936195940791445451, guid: 6fdca6368a8bd674995c125a63acdf5c,
        type: 3}
      propertyPath: _fighterInputs
      value: 
      objectReference: {fileID: 0}
    - target: {fileID: 4870344141690678548, guid: 6fdca6368a8bd674995c125a63acdf5c,
        type: 3}
      propertyPath: m_RootOrder
      value: 3
      objectReference: {fileID: 0}
    - target: {fileID: 4870344141690678548, guid: 6fdca6368a8bd674995c125a63acdf5c,
        type: 3}
      propertyPath: m_LocalPosition.x
      value: 0
      objectReference: {fileID: 0}
    - target: {fileID: 4870344141690678548, guid: 6fdca6368a8bd674995c125a63acdf5c,
        type: 3}
      propertyPath: m_LocalPosition.y
      value: 0
      objectReference: {fileID: 0}
    - target: {fileID: 4870344141690678548, guid: 6fdca6368a8bd674995c125a63acdf5c,
        type: 3}
      propertyPath: m_LocalPosition.z
      value: 0
      objectReference: {fileID: 0}
    - target: {fileID: 4870344141690678548, guid: 6fdca6368a8bd674995c125a63acdf5c,
        type: 3}
      propertyPath: m_LocalRotation.w
      value: 1
      objectReference: {fileID: 0}
    - target: {fileID: 4870344141690678548, guid: 6fdca6368a8bd674995c125a63acdf5c,
        type: 3}
      propertyPath: m_LocalRotation.x
      value: 0
      objectReference: {fileID: 0}
    - target: {fileID: 4870344141690678548, guid: 6fdca6368a8bd674995c125a63acdf5c,
        type: 3}
      propertyPath: m_LocalRotation.y
      value: 0
      objectReference: {fileID: 0}
    - target: {fileID: 4870344141690678548, guid: 6fdca6368a8bd674995c125a63acdf5c,
        type: 3}
      propertyPath: m_LocalRotation.z
      value: 0
      objectReference: {fileID: 0}
    - target: {fileID: 4870344141690678548, guid: 6fdca6368a8bd674995c125a63acdf5c,
        type: 3}
      propertyPath: m_LocalEulerAnglesHint.x
      value: 0
      objectReference: {fileID: 0}
    - target: {fileID: 4870344141690678548, guid: 6fdca6368a8bd674995c125a63acdf5c,
        type: 3}
      propertyPath: m_LocalEulerAnglesHint.y
      value: 0
      objectReference: {fileID: 0}
    - target: {fileID: 4870344141690678548, guid: 6fdca6368a8bd674995c125a63acdf5c,
        type: 3}
      propertyPath: m_LocalEulerAnglesHint.z
      value: 0
      objectReference: {fileID: 0}
    - target: {fileID: 9168776119549282135, guid: 6fdca6368a8bd674995c125a63acdf5c,
        type: 3}
      propertyPath: m_Name
      value: BO YAR SKI
      objectReference: {fileID: 0}
    m_RemovedComponents: []
  m_SourcePrefab: {fileID: 100100000, guid: 6fdca6368a8bd674995c125a63acdf5c, type: 3}
--- !u!4 &9189308230905060937 stripped
Transform:
  m_CorrespondingSourceObject: {fileID: 4870344141690678548, guid: 6fdca6368a8bd674995c125a63acdf5c,
    type: 3}
  m_PrefabInstance: {fileID: 4327971437224391517}
  m_PrefabAsset: {fileID: 0}
--- !u!1001 &5364068440003203390
PrefabInstance:
  m_ObjectHideFlags: 0
  serializedVersion: 2
  m_Modification:
    m_TransformParent: {fileID: 7044498439052218736}
    m_Modifications:
    - target: {fileID: -7895840194733732317, guid: ec7e0c9e884cf04449eb4ea3a0e2239a,
        type: 3}
      propertyPath: _fighter
      value: 
      objectReference: {fileID: 0}
    - target: {fileID: 6402255497674804113, guid: ec7e0c9e884cf04449eb4ea3a0e2239a,
        type: 3}
      propertyPath: m_Name
      value: Jump
      objectReference: {fileID: 0}
    - target: {fileID: 8628148487647537896, guid: ec7e0c9e884cf04449eb4ea3a0e2239a,
        type: 3}
      propertyPath: m_RootOrder
      value: 0
      objectReference: {fileID: 0}
    - target: {fileID: 8628148487647537896, guid: ec7e0c9e884cf04449eb4ea3a0e2239a,
        type: 3}
      propertyPath: m_LocalPosition.x
      value: 0
      objectReference: {fileID: 0}
    - target: {fileID: 8628148487647537896, guid: ec7e0c9e884cf04449eb4ea3a0e2239a,
        type: 3}
      propertyPath: m_LocalPosition.y
      value: 0
      objectReference: {fileID: 0}
    - target: {fileID: 8628148487647537896, guid: ec7e0c9e884cf04449eb4ea3a0e2239a,
        type: 3}
      propertyPath: m_LocalPosition.z
      value: 0
      objectReference: {fileID: 0}
    - target: {fileID: 8628148487647537896, guid: ec7e0c9e884cf04449eb4ea3a0e2239a,
        type: 3}
      propertyPath: m_LocalRotation.w
      value: 1
      objectReference: {fileID: 0}
    - target: {fileID: 8628148487647537896, guid: ec7e0c9e884cf04449eb4ea3a0e2239a,
        type: 3}
      propertyPath: m_LocalRotation.x
      value: 0
      objectReference: {fileID: 0}
    - target: {fileID: 8628148487647537896, guid: ec7e0c9e884cf04449eb4ea3a0e2239a,
        type: 3}
      propertyPath: m_LocalRotation.y
      value: 0
      objectReference: {fileID: 0}
    - target: {fileID: 8628148487647537896, guid: ec7e0c9e884cf04449eb4ea3a0e2239a,
        type: 3}
      propertyPath: m_LocalRotation.z
      value: 0
      objectReference: {fileID: 0}
    - target: {fileID: 8628148487647537896, guid: ec7e0c9e884cf04449eb4ea3a0e2239a,
        type: 3}
      propertyPath: m_LocalEulerAnglesHint.x
      value: 0
      objectReference: {fileID: 0}
    - target: {fileID: 8628148487647537896, guid: ec7e0c9e884cf04449eb4ea3a0e2239a,
        type: 3}
      propertyPath: m_LocalEulerAnglesHint.y
      value: 0
      objectReference: {fileID: 0}
    - target: {fileID: 8628148487647537896, guid: ec7e0c9e884cf04449eb4ea3a0e2239a,
        type: 3}
      propertyPath: m_LocalEulerAnglesHint.z
      value: 0
      objectReference: {fileID: 0}
    m_RemovedComponents: []
  m_SourcePrefab: {fileID: 100100000, guid: ec7e0c9e884cf04449eb4ea3a0e2239a, type: 3}
--- !u!4 &4453400902548093910 stripped
Transform:
  m_CorrespondingSourceObject: {fileID: 8628148487647537896, guid: ec7e0c9e884cf04449eb4ea3a0e2239a,
    type: 3}
  m_PrefabInstance: {fileID: 5364068440003203390}
  m_PrefabAsset: {fileID: 0}
